@MISC{TINslides,
    author = {doc. RNDr. Milan Češka, Ph.D.},
    title = {Přednášky předmětu Teoretická informatika},
    year = {2016},
    cited = "2022-09-27",
    url = https://www.fit.vutbr.cz/study/courses/TIN/public/Prednasky/tin-pr01-rj1.pdf}
}

@MISC{RozlozeniSpotrebitelskehoKose,
    author = {{Jan Traxler}},
    title = {Rozlozeni spotrebitelskeho kose},
    year = {2016},
    cited = "2021-12-02",
    url = {https://www.finez.cz/obj/files/data/static_pages/clanky/2016/2016-10-31_Rozlozeni-spotrebitelskeho-kose-pro-vypocet-inflace-v-CR.png}
}

@MISC{VyvojPrumerneMzdy,
    url = {https://www.kurzy.cz/makroekonomika/mzdy/?imakroGraphFrom=1.1.2011},
    year = {2021},
    cited = "2021-12-03",
    title = {Průměrná mzda - vývoj průměrné mzdy, 2021 - 10 let}
}

@Article{PrumernaMzda2021,
    url = {https://www.czso.cz/csu/czso/cri/prumerne-mzdy-2-ctvrtleti-2021},
    year = {2021},
    title = {Průměrné mzdy - 2. čtvrtletí 2021},
    cited = "2021-12-04",
}

@Article{CoToJeInflace,
    title = {Co to je inflace?},
    author = {Česká národní banka},
    year = {2019},
    url = {https://www.cnb.cz/cs/casto-kladene-dotazy/Co-to-je-inflace/},
    howpublished = "online",
    cited = "2021-12-02",
}

@Article{JakSePocitaInflace,
    title = { JAK SE POČÍTÁ INFLACE? },
    url = {https://www.rsts.cz/otazky-odpovedi/jak-se-pocita-inflace/},
    howpublished = "online",
    cited = "2021-12-02",
}

@Article{IndexyCenVyrobcu,
    title = { Indexy cen výrobců},
    url = {https://www.finance.cz/makrodata-eu/inflace/statistiky/ppi/},
    howpublished = "online",
    cited = "2021-12-02",
}

@Website{SpotrebniKosData,
    title = { Data spotřebního koše od ČSU },
    year = {2021},
    url = {https://www.czso.cz/csu/czso/spotrebni_kos_archiv},
    howpublished = "online",
    cited = "2021-12-02",
}

@Website{IndexySpotrebitelskychCenData,
    title = { Data indexy spotřebitelských cen},
    url = {https://vdb.czso.cz/vdbvo2/faces/cs/index.jsf?page=vystup-objekt&pvo=CEN08B&z=T&f=TABULKA&skupId=43&katalog=30833&pvo=CEN08B&evo=v1282_!_CEN-SPO-MEZIR-R_1}, 
    howpublished = "online",
    year = {2021},
    cited = "2021-12-02",
}

@Website{Simlib,
    title = {Simulační knihovna SIMLIB},
    url = {https://www.fit.vutbr.cz/~peringer/SIMLIB/},
    author = {Petr Peringer},
    howpublished = "online",
    year = {2021},
    cited = "2021-12-03",
}
